@misc{Matlab,
  title = {{Mathworks} Create genetic algorithm options structure},
  howpublished = {\url{http://www.mathworks.com/help/gads/gaoptimset.html}},
  note = {2016-07-06}
}

@article{kollias2005,
  title={A study on the performance of bending mode piezoelectric accelerometers},
  author={Kollias, AT and Avaritsiotis, JN},
  journal={Sensors and Actuators A: Physical},
  volume={121},
  number={2},
  pages={434--442},
  year={2005},
  publisher={Elsevier}
}

@article{kaajakari2009,
  title={Practical MEMS: Design of microsystems, accelerometers, gyroscopes, RF MEMS, optical MEMS, and microfluidic systems},
  author={Kaajakari, Ville and others},
  journal={Las Vegas, NV: Small Gear Publishing},
  year={2009}
}

@inproceedings{hindrichsen2009,
  title={Circular piezoelectric accelerometer for high band width application},
  author={Hindrichsen, Christian Carstensen and Larsen, Jack and Thomsen, EV and Hansen, K and Lou-Moller, R},
  booktitle={Sensors, 2009 IEEE},
  pages={475--478},
  year={2009},
  organization={IEEE}
}

@inproceedings{pons2014,
  title={Design and test of resonators using PiezoMUMPS technology},
  author={Pons-Nin, Joan and Gorreta, Sergi and Dominguez, Manuel and Blokhina, Elena and O'Connell, Diarmuid and Feely, Orla},
  booktitle={Design, Test, Integration and Packaging of MEMS/MOEMS (DTIP), 2014 Symposium on},
  pages={1--6},
  year={2014},
  organization={IEEE}
}

@inproceedings{gerfers2007,
  title={Sub-$\mu$g Ultra-Low-Noise MEMS Accelerometers Based on CMOS-Compatible Piezoelectric AlN Thin Films},
  author={Gerfers, F and Kohlstadt, M and Bar, H and He, M-Y and Manoli, Y and Wang, L-P},
  booktitle={Solid-State Sensors, Actuators and Microsystems Conference, 2007. TRANSDUCERS 2007. International},
  pages={1191--1194},
  year={2007},
  organization={IEEE}
}

@article{oconnor2008,
  title={Middle-ear circuit model parameters based on a population of human ears},
  author={O'Connor, K. N. \& Puria, S.},
  journal={The Journal of the Acoustical Society of America, Acoustical Society of America,},
  year={2008}
}